@online{burgard,
    author = {Wolfram Burgard},
    title  = {Systeme I: Betriebssysteme, Kapitel 7 Scheduling},
    url    = {http://ais.informatik.uni-freiburg.de/teaching/ws16/systems1/slides/kap07-scheduling.pdf},
    year   = {2016},
    note   = {(letzter Zugriff: 2020-11-01)}
}

@online{esponda,
    author = {Prof. Dir. Margarita Esponda},
    title  = {Scheduling},
    url    = {http://www.inf.fu-berlin.de/lehre/WS11/OS/slides/OS_V7_Scheduling_Teil_1.pdf},
    year   = {2012},
    note   = {(letzter Zugriff: 2020-11-01)}
}

@book{tag_label,
    author    = {R. BÃ¤r und G. Bischofberger und E. Dehler und N. Hammer und B. Schiemann und T. Wolf},
    title     = {Informatik und Informationstechnik},
    url       = {http://www.inf.fu-berlin.de/lehre/WS11/OS/slides/OS_V7_Scheduling_Teil_1.pdf},
    year      = {2017},
    publisher = {EUROPA-LEHRMITTEL}
}
